{"timestamp": "2026-05-18T20:25:27.267330+00:00", "level": "INFO", "event": "Agent parsing order intent", "input": "Buy 0.01 BTC at market price"}
{"timestamp": "2026-05-18T20:25:27.267715+00:00", "level": "DEBUG", "event": "Agent raw LLM response", "raw": "{\"symbol\":\"BTCUSDT\",\"side\":\"BUY\",\"order_type\":\"MARKET\",\"quantity\":0.01,\"price\":null}"}
{"timestamp": "2026-05-18T20:25:27.267761+00:00", "level": "INFO", "event": "Agent successfully parsed order", "symbol": "BTCUSDT", "side": "BUY", "type": "MARKET", "quantity": 0.01, "price": null}
{"timestamp": "2026-05-18T20:25:27.268185+00:00", "level": "INFO", "event": "Agent parsing order intent", "input": "Sell 0.005 ETH limit at 2000"}
{"timestamp": "2026-05-18T20:25:27.268328+00:00", "level": "DEBUG", "event": "Agent raw LLM response", "raw": "{\"symbol\":\"ETHUSDT\",\"side\":\"SELL\",\"order_type\":\"LIMIT\",\"quantity\":0.005,\"price\":2000}"}
{"timestamp": "2026-05-18T20:25:27.268360+00:00", "level": "INFO", "event": "Agent successfully parsed order", "symbol": "ETHUSDT", "side": "SELL", "type": "LIMIT", "quantity": 0.005, "price": 2000.0}
{"timestamp": "2026-05-18T20:25:27.268757+00:00", "level": "INFO", "event": "Agent parsing order intent", "input": "purple elephant dancing"}
{"timestamp": "2026-05-18T20:25:27.268896+00:00", "level": "DEBUG", "event": "Agent raw LLM response", "raw": "{\"error\": \"cannot determine order parameters from input\"}"}
{"timestamp": "2026-05-18T20:25:27.269042+00:00", "level": "WARNING", "event": "Price param ignored for MARKET order", "symbol": "BTCUSDT", "price_provided": 50000}
{"timestamp": "2026-05-18T20:25:48.372451+00:00", "level": "INFO", "event": "Placing order", "symbol": "BTCUSDT", "side": "BUY", "type": "MARKET", "quantity": 0.001, "price": null}
{"timestamp": "2026-05-18T20:25:48.876092+00:00", "level": "DEBUG", "event": "API request", "endpoint": "/fapi/v1/order", "method": "POST", "params": {"symbol": "BTCUSDT", "side": "BUY", "type": "MARKET", "quantity": 0.001, "timestamp": 1779135948374}, "status_code": 200, "latency_ms": 500.9, "attempt": 1}
{"timestamp": "2026-05-18T20:25:48.876723+00:00", "level": "INFO", "event": "Order placed successfully", "order_id": "13157932151", "symbol": "BTCUSDT", "status": "NEW", "avg_price": "0.00"}
{"timestamp": "2026-05-18T20:26:17.906323+00:00", "level": "INFO", "event": "Agent parsing order intent", "input": "Buy 0.01 BTC at market price"}
{"timestamp": "2026-05-18T20:26:18.475525+00:00", "level": "DEBUG", "event": "Agent raw LLM response", "raw": "{\"symbol\": \"BTCUSDT\", \"side\": \"BUY\", \"order_type\": \"MARKET\", \"quantity\": 0.01, \"price\": null}"}
{"timestamp": "2026-05-18T20:26:18.475990+00:00", "level": "INFO", "event": "Agent successfully parsed order", "symbol": "BTCUSDT", "side": "BUY", "type": "MARKET", "quantity": 0.01, "price": null}
{"timestamp": "2026-05-18T20:26:20.799136+00:00", "level": "INFO", "event": "Placing order", "symbol": "BTCUSDT", "side": "BUY", "type": "MARKET", "quantity": 0.01, "price": null}
{"timestamp": "2026-05-18T20:26:21.254889+00:00", "level": "DEBUG", "event": "API request", "endpoint": "/fapi/v1/order", "method": "POST", "params": {"symbol": "BTCUSDT", "side": "BUY", "type": "MARKET", "quantity": 0.01, "timestamp": 1779135980799}, "status_code": 200, "latency_ms": 455.3, "attempt": 1}
{"timestamp": "2026-05-18T20:26:21.255530+00:00", "level": "INFO", "event": "Order placed successfully", "order_id": "13157934195", "symbol": "BTCUSDT", "status": "NEW", "avg_price": "0.00"}
{"timestamp": "2026-05-18T20:26:49.199694+00:00", "level": "INFO", "event": "Placing order", "symbol": "BTCUSDT", "side": "SELL", "type": "LIMIT", "quantity": 0.001, "price": 150000.0}
{"timestamp": "2026-05-18T20:26:49.627148+00:00", "level": "DEBUG", "event": "API request", "endpoint": "/fapi/v1/order", "method": "POST", "params": {"symbol": "BTCUSDT", "side": "SELL", "type": "LIMIT", "quantity": 0.001, "price": 150000.0, "timeInForce": "GTC", "timestamp": 1779136009201}, "status_code": 200, "latency_ms": 425.5, "attempt": 1}
{"timestamp": "2026-05-18T20:26:49.627397+00:00", "level": "INFO", "event": "Order placed successfully", "order_id": "13157936015", "symbol": "BTCUSDT", "status": "NEW", "avg_price": "0.00"}
{"timestamp": "2026-05-18T20:27:07.350365+00:00", "level": "INFO", "event": "Agent parsing order intent", "input": "Sell 0.005 ETH limit at 2000"}
{"timestamp": "2026-05-18T20:27:07.828241+00:00", "level": "DEBUG", "event": "Agent raw LLM response", "raw": "{\n  \"symbol\": \"ETHUSDT\",\n  \"side\": \"SELL\",\n  \"order_type\": \"LIMIT\",\n  \"quantity\": 0.005,\n  \"price\": 2000\n}"}
{"timestamp": "2026-05-18T20:27:07.828459+00:00", "level": "INFO", "event": "Agent successfully parsed order", "symbol": "ETHUSDT", "side": "SELL", "type": "LIMIT", "quantity": 0.005, "price": 2000.0}
{"timestamp": "2026-05-18T20:27:09.397428+00:00", "level": "INFO", "event": "Placing order", "symbol": "ETHUSDT", "side": "SELL", "type": "LIMIT", "quantity": 0.005, "price": 2000.0}
{"timestamp": "2026-05-18T20:27:09.863119+00:00", "level": "DEBUG", "event": "API request", "endpoint": "/fapi/v1/order", "method": "POST", "params": {"symbol": "ETHUSDT", "side": "SELL", "type": "LIMIT", "quantity": 0.005, "price": 2000.0, "timeInForce": "GTC", "timestamp": 1779136029397}, "status_code": 400, "latency_ms": 464.9, "attempt": 1}
{"timestamp": "2026-05-18T20:27:09.863676+00:00", "level": "ERROR", "event": "Client error from Binance API", "endpoint": "/fapi/v1/order", "status_code": 400, "error": "Limit price can't be lower than 2020.41."}
{"timestamp": "2026-05-18T20:27:09.863983+00:00", "level": "ERROR", "event": "Order rejected by Binance", "error": "Limit price can't be lower than 2020.41."}
{"timestamp": "2026-05-18T20:27:21.890744+00:00", "level": "INFO", "event": "Agent parsing order intent", "input": "Sell 0.005 ETH limit at 2500"}
{"timestamp": "2026-05-18T20:27:22.226686+00:00", "level": "DEBUG", "event": "Agent raw LLM response", "raw": "{\n  \"symbol\": \"ETHUSDT\",\n  \"side\": \"SELL\",\n  \"order_type\": \"LIMIT\",\n  \"quantity\": 0.005,\n  \"price\": 2500\n}"}
{"timestamp": "2026-05-18T20:27:22.227063+00:00", "level": "INFO", "event": "Agent successfully parsed order", "symbol": "ETHUSDT", "side": "SELL", "type": "LIMIT", "quantity": 0.005, "price": 2500.0}
{"timestamp": "2026-05-18T20:27:23.939350+00:00", "level": "INFO", "event": "Placing order", "symbol": "ETHUSDT", "side": "SELL", "type": "LIMIT", "quantity": 0.005, "price": 2500.0}
{"timestamp": "2026-05-18T20:27:24.921710+00:00", "level": "DEBUG", "event": "API request", "endpoint": "/fapi/v1/order", "method": "POST", "params": {"symbol": "ETHUSDT", "side": "SELL", "type": "LIMIT", "quantity": 0.005, "price": 2500.0, "timeInForce": "GTC", "timestamp": 1779136043939}, "status_code": 400, "latency_ms": 981.5, "attempt": 1}
{"timestamp": "2026-05-18T20:27:24.922269+00:00", "level": "ERROR", "event": "Client error from Binance API", "endpoint": "/fapi/v1/order", "status_code": 400, "error": "Order's notional must be no smaller than 20 (unless you choose reduce only)."}
{"timestamp": "2026-05-18T20:27:24.922563+00:00", "level": "ERROR", "event": "Order rejected by Binance", "error": "Order's notional must be no smaller than 20 (unless you choose reduce only)."}
{"timestamp": "2026-05-18T20:27:38.256268+00:00", "level": "INFO", "event": "Agent parsing order intent", "input": "Sell 0.01 ETH limit at 2500"}
{"timestamp": "2026-05-18T20:27:38.792761+00:00", "level": "DEBUG", "event": "Agent raw LLM response", "raw": "{\n  \"symbol\": \"ETHUSDT\",\n  \"side\": \"SELL\",\n  \"order_type\": \"LIMIT\",\n  \"quantity\": 0.01,\n  \"price\": 2500\n}"}
{"timestamp": "2026-05-18T20:27:38.793254+00:00", "level": "INFO", "event": "Agent successfully parsed order", "symbol": "ETHUSDT", "side": "SELL", "type": "LIMIT", "quantity": 0.01, "price": 2500.0}
{"timestamp": "2026-05-18T20:27:40.465679+00:00", "level": "INFO", "event": "Placing order", "symbol": "ETHUSDT", "side": "SELL", "type": "LIMIT", "quantity": 0.01, "price": 2500.0}
{"timestamp": "2026-05-18T20:27:40.876098+00:00", "level": "DEBUG", "event": "API request", "endpoint": "/fapi/v1/order", "method": "POST", "params": {"symbol": "ETHUSDT", "side": "SELL", "type": "LIMIT", "quantity": 0.01, "price": 2500.0, "timeInForce": "GTC", "timestamp": 1779136060466}, "status_code": 200, "latency_ms": 409.5, "attempt": 1}
{"timestamp": "2026-05-18T20:27:40.876805+00:00", "level": "INFO", "event": "Order placed successfully", "order_id": "8713388134", "symbol": "ETHUSDT", "status": "NEW", "avg_price": "0.00"}
{"timestamp": "2026-05-18T20:27:54.242689+00:00", "level": "INFO", "event": "Agent parsing order intent", "input": "Buy 0.01 BTC at market price"}
{"timestamp": "2026-05-18T20:27:54.244219+00:00", "level": "DEBUG", "event": "Agent raw LLM response", "raw": "{\"symbol\":\"BTCUSDT\",\"side\":\"BUY\",\"order_type\":\"MARKET\",\"quantity\":0.01,\"price\":null}"}
{"timestamp": "2026-05-18T20:27:54.244268+00:00", "level": "INFO", "event": "Agent successfully parsed order", "symbol": "BTCUSDT", "side": "BUY", "type": "MARKET", "quantity": 0.01, "price": null}
{"timestamp": "2026-05-18T20:27:54.244732+00:00", "level": "INFO", "event": "Agent parsing order intent", "input": "Sell 0.005 ETH limit at 2000"}
{"timestamp": "2026-05-18T20:27:54.244880+00:00", "level": "DEBUG", "event": "Agent raw LLM response", "raw": "{\"symbol\":\"ETHUSDT\",\"side\":\"SELL\",\"order_type\":\"LIMIT\",\"quantity\":0.005,\"price\":2000}"}
{"timestamp": "2026-05-18T20:27:54.244913+00:00", "level": "INFO", "event": "Agent successfully parsed order", "symbol": "ETHUSDT", "side": "SELL", "type": "LIMIT", "quantity": 0.005, "price": 2000.0}
{"timestamp": "2026-05-18T20:27:54.245321+00:00", "level": "INFO", "event": "Agent parsing order intent", "input": "purple elephant dancing"}
{"timestamp": "2026-05-18T20:27:54.245463+00:00", "level": "DEBUG", "event": "Agent raw LLM response", "raw": "{\"error\": \"cannot determine order parameters from input\"}"}
{"timestamp": "2026-05-18T20:27:54.245612+00:00", "level": "WARNING", "event": "Price param ignored for MARKET order", "symbol": "BTCUSDT", "price_provided": 50000}
